@misc{fixedpts,
      title={On the Role of Fixed Points of Dynamical Systems in Training Physics-Informed Neural Networks}, 
      author={Franz M. Rohrhofer and Stefan Posch and Clemens Gößnitzer and Bernhard C. Geiger},
      year={2023},
      eprint={2203.13648},
      archivePrefix={arXiv},
      primaryClass={cs.LG}
}
