@article{pinns,
  author       = {Maziar Raissi and
                  Paris Perdikaris and
                  George E. Karniadakis},
  title        = {Physics Informed Deep Learning (Part {I):} Data-driven Solutions of
                  Nonlinear Partial Differential Equations},
  journal      = {CoRR},
  volume       = {abs/1711.10561},
  year         = {2017},
  url          = {http://arxiv.org/abs/1711.10561},
  eprinttype    = {arXiv},
  eprint       = {1711.10561},
  timestamp    = {Mon, 13 Aug 2018 16:47:03 +0200},
  biburl       = {https://dblp.org/rec/journals/corr/abs-1711-10561.bib},
  bibsource    = {dblp computer science bibliography, https://dblp.org}
}

@misc{fixedpts,
      title={On the Role of Fixed Points of Dynamical Systems in Training Physics-Informed Neural Networks}, 
      author={Franz M. Rohrhofer and Stefan Posch and Clemens Gößnitzer and Bernhard C. Geiger},
      year={2023},
      eprint={2203.13648},
      archivePrefix={arXiv},
      primaryClass={cs.LG}
}

@article{mfpinns,
	doi = {10.1016/j.jcp.2019.109020},
  
	url = {https://doi.org/10.1016%2Fj.jcp.2019.109020},
  
	year = 2020,
	month = {jan},
  
	publisher = {Elsevier {BV}
},
  
	volume = {401},
  
	pages = {109020},
  
	author = {Xuhui Meng and George Em Karniadakis},
  
	title = {A composite neural network that learns from multi-fidelity data: Application to function approximation and inverse {PDE} problems},
  
	journal = {Journal of Computational Physics}
}

@misc{fbpinns,
      title={Multilevel domain decomposition-based architectures for physics-informed neural networks}, 
      author={Victorita Dolean and Alexander Heinlein and Siddhartha Mishra and Ben Moseley},
      year={2023},
      eprint={2306.05486},
      archivePrefix={arXiv},
      primaryClass={math.NA}
}

@misc{causality,
      title={Respecting causality is all you need for training physics-informed neural networks}, 
      author={Sifan Wang and Shyam Sankaran and Paris Perdikaris},
      year={2022},
      eprint={2203.07404},
      archivePrefix={arXiv},
      primaryClass={cs.LG}
}

@misc{mfdeeponets,
      title={Multifidelity Deep Operator Networks}, 
      author={Amanda A. Howard and Mauro Perego and George E. Karniadakis and Panos Stinis},
      year={2022},
      eprint={2204.09157},
      archivePrefix={arXiv},
      primaryClass={math.NA}
}